
@article{cpa2005arch,
    author = "Brian Vinter",
    title  = "The Architecture of the Minimum intrusion Grid: MiG",
    year   = 2005,
}

